<record xmlns="http://www.loc.gov/MARC21/slim" xmlns:xsi="http://www.w3.org/2001/XMLSchema-instance" xsi:schemaLocation="http://www.loc.gov/MARC21/slim http://www.loc.gov/standards/marcxml/schema/MARC21slim.xsd"><leader>00737cz   2200169n  4500</leader><controlfield tag="001">oca01829027 </controlfield><controlfield tag="005">20011206153954.0</controlfield><controlfield tag="008">870409n| acannaab           |a aaa      </controlfield><datafield ind1=" " ind2=" " tag="010"><subfield code="a">n  85298996 </subfield><subfield code="z">n  98097568 </subfield></datafield><datafield ind1=" " ind2=" " tag="040"><subfield code="a">DLC</subfield><subfield code="c">DLC</subfield><subfield code="d">DLC</subfield></datafield><datafield ind1="0" ind2=" " tag="100"><subfield code="a">Simonides,</subfield><subfield code="d">ca. 556-467 B.C.</subfield></datafield><datafield ind1="0" ind2=" " tag="400"><subfield code="a">Simonides,</subfield><subfield code="c">of Ceos,</subfield><subfield code="d">556-467 B.C.</subfield><subfield code="w">nnaa</subfield></datafield><datafield ind1="0" ind2=" " tag="400"><subfield code="a">Simonide,</subfield><subfield code="d">ca. 556-467 B.C.</subfield></datafield><datafield ind1=" " ind2=" " tag="670"><subfield code="a">Renault, M. The praise singer, 1988, c1978:</subfield><subfield code="b">CIP pub. info. (Simonides, lyric poet who lived in 6th century Greece)</subfield></datafield><datafield ind1=" " ind2=" " tag="670"><subfield code="a">Oxford class. dict.</subfield><subfield code="b">(Simonides, ca. 556-468 B.C., lyric poet born at Iulis in Ceos)</subfield></datafield><datafield ind1=" " ind2=" " tag="670"><subfield code="a">LC data base, 4-7-87</subfield><subfield code="b">(hdg.: Simonides, of Ceos, 556-467 B.C.)</subfield></datafield><datafield ind1=" " ind2=" " tag="670"><subfield code="a">Le langage de Simonide, c1997:</subfield><subfield code="b">p. 19 (Simonide de Ceos)</subfield></datafield></record>